<?xml version="1.0" encoding="utf-8"?>
<record xmlns="http://www.loc.gov/MARC21/slim" xmlns:xsi="http://www.w3.org/2001/XMLSchema-instance" xsi:schemaLocation="http://www.loc.gov/MARC21/slim http://www.loc.gov/standards/marcxml/schema/MARC21slim.xsd">
	<leader>     nam a22        4500</leader>
	<controlfield tag="001">643040</controlfield>
	<controlfield tag="003">NNC</controlfield>
	<controlfield tag="006">m        d        </controlfield>
	<controlfield tag="007">cr cn |||m|||a</controlfield>
	<controlfield tag="008">170829q18861887ua      o     000 0 ara d</controlfield>
	<datafield ind1=" " ind2=" " tag="040">
		<subfield code="a">NNU</subfield>
		<subfield code="b">eng</subfield>
		<subfield code="e">rda</subfield>
		<subfield code="c">NNU</subfield>
	</datafield>
	<datafield ind1=" " ind2="4" tag="050">
		<subfield code="a">BP166</subfield>
		<subfield code="b">.F25 1886</subfield>
	</datafield>
	<datafield ind1="1" ind2=" " tag="100">
		<subfield code="6">880-01</subfield>
		<subfield code="a">Fattanī, ʻAbd al-Mālik ibn ʻAbd al-Wahhāb,</subfield>
		<subfield code="d">1839 or 1840-1909 or 1910.</subfield>
	</datafield>
	<datafield ind1="1" ind2="3" tag="245">
		<subfield code="6">880-02</subfield>
		<subfield code="a">al-Ḥawāshī al-jalīlah ʻalá al-muqadimah al-badīʻah al-jamīla al-musmāt bi-al-maṭālib al-Ḥassān fī umūr al-dīn wa-shaʻb al-īmān /</subfield>
		<subfield code="c">taʼlīf ʻAbd al-Malik al-Fattanī.</subfield>
	</datafield>
	<datafield ind1=" " ind2=" " tag="260">
		<subfield code="6">880-03</subfield>
		<subfield code="a">Būlāq, Miṣr :</subfield>
		<subfield code="b">al-Maṭbaʻah al-Kubrá al-Mīriyah,</subfield>
		<subfield code="c">1304h [i.e. 1886 or 7]</subfield>
	</datafield>
	<datafield ind1=" " ind2=" " tag="300">
		<subfield code="a">online resource (108 pages)</subfield>
	</datafield>
	<datafield ind1=" " ind2=" " tag="336">
		<subfield code="a">text</subfield>
		<subfield code="2">rdacontent</subfield>
	</datafield>
	<datafield ind1=" " ind2=" " tag="337">
		<subfield code="a">computer</subfield>
		<subfield code="2">rdamedia</subfield>
	</datafield>
	<datafield ind1=" " ind2=" " tag="338">
		<subfield code="a">online resource</subfield>
		<subfield code="2">rdacarrier</subfield>
	</datafield>
	<datafield ind1=" " ind2=" " tag="500">
		<subfield code="a">Part of the Arabic Collections Online (ACO) project, contributed by Columbia University Libraries.</subfield>
	</datafield>
	<datafield ind1=" " ind2=" " tag="533">
		<subfield code="a">Electronic reproduction.</subfield>
		<subfield code="b">New York, N.Y. :</subfield>
		<subfield code="c">New York University,</subfield>
		<subfield code="d">2017.</subfield>
		<subfield code="5">NNU</subfield>
	</datafield>
	<datafield ind1=" " ind2="0" tag="650">
		<subfield code="a">Islam</subfield>
		<subfield code="x">Doctrines.</subfield>
	</datafield>
	<datafield ind1="2" ind2=" " tag="710">
		<subfield code="a">Columbia University.</subfield>
		<subfield code="b">Libraries.</subfield>
	</datafield>
	<datafield ind1="0" ind2=" " tag="730">
		<subfield code="a">Arabic Collections Online.</subfield>
	</datafield>
	<datafield ind1="0" ind2="8" tag="776">
		<subfield code="i">Online version:</subfield>
		<subfield code="a">Fattani, ʻAbd al-Malik ibn ʻAbd al-Wahhab, 1839-1909.</subfield>
		<subfield code="t">Hawashi al-jalilah ʻala al-muqaddimah al-badiʻah al-jamilah al-musammah bi-al-matalib al-hisan fi umur al-din wa-shuʻab al-iman.</subfield>
		<subfield code="d">Bulak, Misr : al-Matbaʻah al-Kubra al-Miriyah, 1304h [i.e. 1886 or 7]</subfield>
		<subfield code="w">(OCoLC)654042532</subfield>
	</datafield>
	<datafield ind1="0" ind2="8" tag="776">
		<subfield code="i">Print version:</subfield>
		<subfield code="a">Fattanī, ʻAbd al-Mālik ibn ʻAbd al-Wahhāb, 1839 or 1840-1909 or 1910.</subfield>
		<subfield code="t">al-Ḥawāshī al-jalīlah ʻalá al-muqadimah al-badīʻah al-jamīla al-musmāt bi-al-maṭālib al-Ḥassān fī umūr al-dīn wa-shaʻb al-īmān</subfield>
		<subfield code="w">(NNC)643040</subfield>
		<subfield code="w">(OCoLC)60601217</subfield>
	</datafield>
	<datafield ind1="4" ind2="0" tag="856">
		<subfield code="u">http://hdl.handle.net/2333.1/9kd51hx6</subfield>
	</datafield>
	<datafield ind1="1" ind2=" " tag="880">
		<subfield code="6">100-01/r</subfield>
		<subfield code="a">فتني، عبد المال بن عبد الوهاب،</subfield>
		<subfield code="d">1839 or 1840-1909 or 1910.</subfield>
	</datafield>
	<datafield ind1="1" ind2="2" tag="880">
		<subfield code="6">245-02/r</subfield>
		<subfield code="a">الحواشي الجليلة على المقدمة البديعة الجميلة المسماة بالمطالب الحسان في امور الدين وشعب الايمان /</subfield>
		<subfield code="c">تأليف عبد الملك الفتني.</subfield>
	</datafield>
	<datafield ind1=" " ind2=" " tag="880">
		<subfield code="6">260-03/r</subfield>
		<subfield code="a">بولاق، مصر :</subfield>
		<subfield code="b">المطبعة الكبرى الميرية،</subfield>
		<subfield code="c">1304h [i.e. 1886 or 7]</subfield>
	</datafield>
	<datafield ind1=" " ind2=" " tag="959">
		<subfield code="a">NNU</subfield>
		<subfield code="b">WEB</subfield>
		<subfield code="c">GENI</subfield>
		<subfield code="t">0</subfield>
		<subfield code="m">Electronic access</subfield>
		<subfield code="s">01</subfield>
	</datafield>
	<datafield ind1=" " ind2=" " tag="999">
		<subfield code="i">NNC_643040</subfield>
		<subfield code="o">(OCoLC)ocm60601217</subfield>
		<subfield code="s">columbia_aco002408</subfield>
		<subfield code="e">(ERROR-880)(ERROR-MISC)</subfield>
		<subfield code="s">columbia_aco002408</subfield>
	</datafield>
</record>
